@ONLINE{jgraphmanual,
  key = "web:jgraphmanuel",
  author = "",
  title  = "JGraph 5 manual",
  cited = "2011-03-03",
  year =         2009,
  month =     09,
  url = "http://www.jgraph.com/downloads/jgraph/jgraphmanual.pdf"
}

@Book{netbeans6.9DevGuide,
  author    = "PETRI, J{\"{u}}rgen",
  title     = "NetBeans Platform 6.9 	Developer's Guide",
  publisher = "Packt Publishing Ltd",
  address   = "Birmingham",
  year      =  2010,
  pages     = 273,
  isbn = "978-1-849511-76-6"
}

@ONLINE{usingXMLEncoder,
  author = "MILNE, Philip",
  title  = "Using XMLEncoder",
  cited = "2011-01-29",
  year =         2010,
  url = "http://java.sun.com/products/jfc/tsc/articles/persistence4/"
}

@ONLINE{netbeansWebNewFileTemplate,
  author = "",
  title  = "NetBeans File Template Module Tutorial",
  cited = "2011-03-03",
  year =         2005,
  url = "http://platform.netbeans.org/tutorials/60/nbm-filetemplates.html"
}

@ONLINE{netbeansWebWizardNewFile,
  author = "",
  title  = "Creating a Better Java Class Wizard",
  cited = "2011-03-03",
  year =         2008,
  month = 04,
  url = "http://blogs.sun.com/geertjan/entry/creating_a_better_java_class"
}

@Book{UMLDistilled,
  author    = "FOWLER, Martin",
  title     = "Destilovan\'{e} UML",
  publisher = "Grada Publishing, a.s.",
  address   = "Prague",
  year      =  2009,
  pages     = 176,
  isbn = "978-80-247-2062-3"
}

@Book{ArlowUML,
  author    = "FOWLER, Martin and NEUSTADT, Ila",
  title     = "UML 2 and the Unified Process : Practical Object-Oriented Analysis and Design.",
  address   = "",
  publisher = "Addison-Wesley Professional",
  year      =  2005,
  pages     = 624,
  isbn = "978-0321321275"
}

@Book{DesignPatterns,
  author    = "PECINOVSK\'{Y}, Rudolf",
  title     = "N\'{a}vrhov\'{e} Vzory",
  publisher = "Computer Press, a.s.",
  address   = "Brno",
  year      =  2007,
  pages     = 527,
  isbn = "978-80-251-1582-4"
}

@Misc{sparxsystemsweb,
  key = "sparxsystemsweb",
  author = "",
  title  = "Sparx Systems web page",
  note   = "\\ \verb|http://www.sparxsystems.com/| state from 2011-03-29",
  year = 2011
}

@Misc{ArgoUMLWeb,
  key = "ArgoUMLWeb",
  author = "",
  title  = "ArgoUML web page",
  note   = "\\ \verb|http://argouml.tigris.org/| state from 2011-04-16",
  year = 2011
}

@Misc{MagicDrawWeb,
  key = "MagicDrawWeb",
  author = "",
  title  = "MagicDraw web page",
  note   = "\\ \verb|http://www.magicdraw.com/| state from 2011-05-11",
  year = 2011
}

@Misc{StarUMLWeb,
  key = "StarUMLWeb",
  author = "",
  title  = "StarUML web page",
  note   = "\\ \verb|http://staruml.sourceforge.net/| state from 2011-05-11",
  year = 2011
}

@Misc{GitWeb,
  key = "GitWeb",
  author = "",
  title  = "GIT web page",
  note   = "\\ \verb|http://git-scm.com/| state from 2011-05-11",
  year = 2011
}

@Misc{JUnitWeb,
  key = "JUnitWeb",
  author = "",
  title  = "JUnit web page",
  note   = "\\ \verb|http://www.junit.org/| state from 2011-04-16",
  year = 2011
}

@Misc{AbbotWeb,
  key = "AbbotWeb",
  author = "",
  title  = "Abbot web page",
  note   = "\\ \verb|http://www.junit.org/| state from 2011-04-20",
  year = 2011
}

@Misc{SeleniumWeb,
  key = "SeleniumWeb",
  author = "",
  title  = "Selenium web page",
  note   = "\\ \verb|http://seleniumhq.org/| state from 2011-04-20",
  year = 2011
}

@Misc{UMLWeb,
  key = "UMLWeb",
  author = "",
  title  = "UML web page",
  note   = "\\ \verb|http://www.uml.org/| state from 2011-04-27",
  year = 2011
}

@Misc{JGraphWeb,
  key = "JGraphWeb",
  author = "",
  title  = "JGraph web page",
  note   = "\\ \verb|http://www.jgraph.com/| state from 2011-05-11",
  year = 2011
}
